<?xml version="1.0" encoding="UTF-8"?><record xmlns="http://www.loc.gov/MARC21/slim" xmlns:cinclude="http://apache.org/cocoon/include/1.0" xmlns:zs="http://www.loc.gov/zing/srw/">
  <leader>00456nz  a2200121n  4500</leader>
  <controlfield tag="001">n 2005177300</controlfield>
  <controlfield tag="003">DLC</controlfield>
  <controlfield tag="005">20051028071320.0</controlfield>
  <controlfield tag="008">051028n| acannaabn          |n aaa      </controlfield>
  <datafield tag="010" ind1=" " ind2=" ">
    <subfield code="a">n 2005177300</subfield>
  </datafield>
  <datafield tag="040" ind1=" " ind2=" ">
    <subfield code="a">DLC</subfield>
    <subfield code="b">eng</subfield>
    <subfield code="c">DLC</subfield>
  </datafield>
  <datafield tag="100" ind1="1" ind2=" ">
    <subfield code="a">Sander, Tatiane</subfield>
  </datafield>
  <datafield tag="670" ind1=" " ind2=" ">
    <subfield code="a">Sander, Tatiane. Comentários à Lei de protestos de títulos e outros documentos de dívidas, c2005:</subfield>
    <subfield code="b">t.p. (Tatiane Sander) p. 9 (bacharel em direito, formada pela Unisinos - São Leopoldo, RS)</subfield>
  </datafield>
</record>